@inproceedings{Li:2018,
 author = {Li, Yan and Chi, Zicheng and Liu, Xin and Zhu, Ting},
 title = {Passive-ZigBee: Enabling ZigBee Communication in IoT Networks with 1000X+ Less Power Consumption},
 booktitle = {ACM SenSys},
 year = {2018},
 isbn = {978-1-4503-5952-8},
 pages = {159--171}
} 


@book{KatzL2014,
 author = {Katz, Jonathan and Lindell, Yehuda},
 title = {Introduction to Modern Cryptography, Second Edition},
 year = {2014},
 isbn = {1466570261, 9781466570269},
 edition = {2nd},
 publisher = {Chapman \& Hall/CRC},
} 

@article{Moh:2015,
title = "A survey on lightweight block ciphers for low-resource devices: Comparative study and open issues",
journal = "Journal of Network and Computer Applications",
volume = "58",
year = "2015",
author = "Bassam J. Mohd and Thaier Hayajneh and Athanasios V. Vasilakos"
}

@article{shannon,
  title={Communication Theory of Secrecy Systems},
  author={Claude E. Shannon},
  journal={Bell System Technical Journal},
  volume={28},
  number={4},
  pages={656--715},
  year={1949},
  publisher={Bell}
}

@inproceedings{knudsen1998design,
  title={On the design and security of {RC2}},
  author={Knudsen, Lars R and \textit{et al.}},
  booktitle={International Workshop on Fast Software Encryption},
  year={1998},
  organization={Springer}
}

@article{bessa2017jetsonleap,
  title={JetsonLEAP: A framework to measure power on a heterogeneous system-on-a-chip device},
  author={Bessa, Tarsila and Gull, Christopher and Quint{\~a}o, Pedro and Frank, Michael and Nacif, Jos{\'e} and Pereira, Fernando Magno Quint{\~a}o},
  journal={Science of Computer Programming},
  year={2017},
  publisher={Elsevier}
}

@inproceedings{goraczko2008energy,
  title={Energy-optimal software partitioning in heterogeneous multiprocessor embedded systems},
  author={Goraczko, Michel and \textit{et al.}},
  booktitle={Annual Design Automation Conference},
  pages={191--196},
  year={2008},
  organization={ACM}
}

@inproceedings{eisenbarth2012compact,
  title={Compact implementation and performance evaluation of block ciphers in tiny devices},
  author={Eisenbarth, Thomas and \textit{et al.}},
  booktitle={International Conference on Cryptology in Africa},
  pages={172--187},
  organization={Springer},
year={2012}
}

@inproceedings{kerckhof2012towards,
  title={Towards green cryptography: a comparison of light ciphers from the energy viewpoint},
  author={Kerckhof, St{\'e}phanie and \textit{et al.}},
  booktitle={International Workshop on Cryptographic Hardware and Embedded Systems},
  year={2012},
  organization={Springer}
}

@inproceedings{cazorla2013survey,
  title={Survey and benchmark of lightweight block ciphers for wireless sensor networks},
  author={Cazorla, Micka{\"e}l and Marquet, Kevin and Minier, Marine},
  booktitle={International Conference on Security and Cryptography (SECRYPT)},
  year={2013}
}

@article{el2017equalized,
  title={Equalized Energy Consumption in WBAN for a Prolonged Network Lifetime},
  author={El Azhari, Maryam and El Moussaid, Nadya and Toumanari, Ahmed and Latif, Rachid},
  journal={Wireless Communications and Mobile Computing},
  year={2017},
  publisher={Hindawi}
}

@article{cheung2018emerging,
  title={The emerging role of wearable technologies in detection of arrhythmia},
  author={Cheung, Christopher C and Krahn, Andrew D and Andrade, Jason G},
  journal={Canadian Journal of Cardiology},
  volume={34},
  number={8},
  pages={1083--1087},
  year={2018},
  publisher={Elsevier}
}

@inproceedings{nasser2016aes,
  title={{AES} algorithm implementation for a simple low cost portable 8-bit microcontroller},
  author={Nasser, Yehya A and \textit{et al.}},
  booktitle={IEEE ICDIPC},
  year={2016}

}

@ONLINE {shimmer,
    author = "Shimmer Sensing",
    title  = "Discovery in Motion",
    month  = "apr",
    year   = "2019",
    url    = "http://www.shimmersensing.com/"
}

@article{mohd2018lightweight,
  title={Lightweight Block Ciphers for IoT: Energy Optimization and Survivability Techniques},
  author={Mohd, Bassam J and \textit{et al.}},
  journal={IEEE Access},
  volume={6},
  year={2018},
  publisher={IEEE}
}

@inproceedings{sallam2018survey,
  title={A Survey on Lightweight Cryptographic Algorithms},
  author={Sallam, Suzan and \textit{et al.}},
  booktitle={TENCON 2018-2018 IEEE Region 10 Conference},
  year={2018},
  organization={IEEE}
}

@article{biham2005cryptanalysis,
  title={Cryptanalysis of Skipjack reduced to 31 rounds using impossible differentials},
  author={Biham, Eli and Biryukov, Alex and Shamir, Adi},
  journal={Journal of Cryptology},
  volume={18},
  number={4},
  pages={291--311},
  year={2005},
  publisher={Springer}
}

@MANUAL {MSPGCC,
    title        = "MSP430 GCC",
    author       = "Texas Instruments",
    organization = "Texas Instruments Incorporated",
    month        = "mar",
    year         = "2019",
    note         = "http://www.ti.com/lit/ug/slau646d/slau646d.pdf"
}

@inproceedings{son2019fast,
  title={Fast and Accurate Machine Learning-based Malware Detection via RC4 Ciphertext Analysis},
  author={Son, Junggab and \textit{et al.}},
   booktitle={IEEE ICNC},
     year={2019}
}

@inproceedings{dener2018comparison,
  title={Comparison of Encryption Algorithms in Wireless Sensor Networks},
  author={Dener, Murat},
  booktitle={ITM Web of Conferences},
  volume={22},
  year={2018},
  organization={EDP Sciences}
}